@article{sterling_arnold, 
    year={2019},
    title={{Nothing Personal}}, 
    journal={New Economics Foundation}, 
    author={Sterling, Alfie and Arnold, Sarah}
}
@article{ines, 
    year={2020},
    title={{Funding UBI by eliminating the UK personal allowance}}, 
    journal={UBI Center}, 
    author={Fernandez, Ines}
}
@article{work_incentives, 
    year={2017},
    title={{Exploring the Distributional and Work Incentive Effects of Plausible Illustrative Basic Income Schemes}}, 
    journal={Institute for Policy Research, University of Bath}, 
    author={Martinelli, Luke}
}
@article{recovery_UBI, 
    year={2020},
    title={{Evaluation of a Recovery Basic Income, and of a sustainable revenue neutral Citizen’s Basic Income, with an appendix relating to different Universal Credit roll-out scenarios}}, 
    journal={EUROMOD Working Paper Series EM7/20}, 
    author={Torry, Malcolm}
}
@article{feasible_UBI_2, 
    year={2015},
    title={{Two feasible ways to implement a revenue neutral Citizen’s Income scheme}}, 
    journal={EUROMOD Working Paper Series EM6/15}, 
    author={Torry, Malcolm}
}

@article{feasible_UBI_1, 
    year={2016},
    title={{An evaluation of a strictly revenue neutral Citizen’s Income scheme}}, 
    journal={EUROMOD Working Paper Series EM5/16}, 
    author={Torry, Malcolm}
}